<record xmlns="http://www.loc.gov/MARC21/slim" xmlns:xsi="http://www.w3.org/2001/XMLSchema-instance" xsi:schemaLocation="http://www.loc.gov/MARC21/slim http://www.loc.gov/standards/marcxml/schema/MARC21slim.xsd"><leader>     nam a22        4500</leader><controlfield tag="001">3080584</controlfield><controlfield tag="003">NNC</controlfield><controlfield tag="006">m        d        </controlfield><controlfield tag="007">cr cn |||m|||a</controlfield><controlfield tag="008">150313s1939    ua      o     000 0 arard</controlfield><datafield ind1=" " ind2=" " tag="040"><subfield code="a">NNU</subfield><subfield code="b">eng</subfield><subfield code="e">rda</subfield><subfield code="c">NNU</subfield></datafield><datafield ind1=" " ind2="4" tag="050"><subfield code="a">BP166</subfield><subfield code="b">.Z3</subfield></datafield><datafield ind1="1" ind2=" " tag="100"><subfield code="6">880-01</subfield><subfield code="a">Z&#803;awa&#772;hiri&#772;, Muh&#803;ammad al-H&#803;usayni&#772;.</subfield></datafield><datafield ind1="1" ind2="3" tag="245"><subfield code="a">al-Tah&#803;qi&#772;q al-ta&#772;m fi&#772; &#699;ilm al-kala&#772;m /</subfield><subfield code="c">ta&#700;li&#772;f Muh&#803;ammad al- H&#803;usayni&#772; al-Z&#803;awa&#772;hiri&#772;.</subfield></datafield><datafield ind1=" " ind2=" " tag="250"><subfield code="6">880-02</subfield><subfield code="a">al-T&#803;ab&#699;ah 1.</subfield></datafield><datafield ind1=" " ind2=" " tag="260"><subfield code="a">al-Qa&#772;hirah :</subfield><subfield code="b">Maktabat al-Nahd&#803;ah al-Mis&#803;ri&#772;yah,</subfield><subfield code="c">1939.</subfield></datafield><datafield ind1=" " ind2=" " tag="300"><subfield code="a">online resource (180 pages)</subfield></datafield><datafield ind1=" " ind2=" " tag="336"><subfield code="a">text</subfield><subfield code="2">rdacontent</subfield></datafield><datafield ind1=" " ind2=" " tag="337"><subfield code="a">computer</subfield><subfield code="2">rdamedia</subfield></datafield><datafield ind1=" " ind2=" " tag="338"><subfield code="a">online resource</subfield><subfield code="2">rdacarrier</subfield></datafield><datafield ind1=" " ind2=" " tag="500"><subfield code="a">Part of the Arabic Collections Online (ACO) project, contributed by Columbia University Libraries.</subfield></datafield><datafield ind1=" " ind2=" " tag="533"><subfield code="a">Electronic reproduction.</subfield><subfield code="b">New York, N.Y. :</subfield><subfield code="c">New York University,</subfield><subfield code="d">2015.</subfield><subfield code="5">NNU</subfield></datafield><datafield ind1=" " ind2="0" tag="650"><subfield code="a">Islam</subfield><subfield code="x">Doctrines.</subfield></datafield><datafield ind1=" " ind2="7" tag="650"><subfield code="a">Islam</subfield><subfield code="x">Doctrines.</subfield><subfield code="2">fast</subfield><subfield code="0">(OCoLC)fst00979787</subfield></datafield><datafield ind1="2" ind2=" " tag="710"><subfield code="a">Columbia University.</subfield><subfield code="b">Libraries.</subfield></datafield><datafield ind1="0" ind2=" " tag="730"><subfield code="a">Arabic Collections Online.</subfield></datafield><datafield ind1="0" ind2="8" tag="776"><subfield code="i">Print version:</subfield><subfield code="a">Z&#803;awa&#772;hiri&#772;, Muh&#803;ammad al-H&#803;usayni&#772;.</subfield><subfield code="t">al-Tah&#803;qi&#772;q al-ta&#772;m fi&#772; &#699;ilm al-kala&#772;m</subfield><subfield code="w">(NNC)3080584</subfield><subfield code="w">(OCoLC)26275857</subfield></datafield><datafield ind1="4" ind2="0" tag="856"><subfield code="u">http://hdl.handle.net/2333.1/mkkwh9gz</subfield></datafield><datafield ind1="1" ind2=" " tag="880"><subfield code="6">100-01/r</subfield><subfield code="a">&#8207;&#1592;&#1608;&#1575;&#1607;&#1585;&#1610;&#1548; &#1605;&#1581;&#1605;&#1583; &#1575;&#1604;&#1581;&#1587;&#1610;&#1606;&#1610;.</subfield></datafield><datafield ind1="1" ind2="2" tag="880"><subfield code="6">245-00/r</subfield><subfield code="a">&#8207;&#1575;&#1604;&#1578;&#1581;&#1602;&#1610;&#1602; &#1575;&#1604;&#1578;&#1575;&#1605; &#1601;&#1610; &#1593;&#1604;&#1605; &#1575;&#1604;&#1603;&#1604;&#1575;&#1605; /&#8207;</subfield><subfield code="c">&#8207;&#1578;&#1571;&#1604;&#1610;&#1601; &#1605;&#1581;&#1605;&#1583; &#1575;&#1604;&#1581;&#1587;&#1610;&#1606;&#1610; &#1575;&#1604;&#1592;&#1608;&#1575;&#1607;&#1585;&#1610;.</subfield></datafield><datafield ind1=" " ind2=" " tag="880"><subfield code="6">250-02/r</subfield><subfield code="a">&#8207;&#1575;&#1604;&#1591;&#1576;&#1593;&#1577; 1.</subfield></datafield><datafield ind1=" " ind2=" " tag="880"><subfield code="6">260-00/r</subfield><subfield code="a">&#8207;&#1605;&#1589;&#1585; [&#1575;&#1610; &#1575;&#1604;&#1602;&#1575;&#1607;&#1585;&#1577;] :&#8207;</subfield><subfield code="b">&#8207;&#1605;&#1603;&#1578;&#1576;&#1577; &#1575;&#1604;&#1606;&#1607;&#1590;&#1577; &#1575;&#1604;&#1605;&#1589;&#1585;&#1610;&#1577;&#1548;&#8207;</subfield><subfield code="c">&#8207;1939.</subfield></datafield><datafield ind1=" " ind2=" " tag="959"><subfield code="a">NNU</subfield><subfield code="b">WEB</subfield><subfield code="c">GENI</subfield><subfield code="t">0</subfield><subfield code="m">Electronic access</subfield><subfield code="s">01</subfield></datafield><datafield ind1=" " ind2=" " tag="999"><subfield code="i">NNC_3080584</subfield><subfield code="o">(OCoLC)ocm26275857 </subfield><subfield code="s">columbia_aco000451</subfield><subfield code="e">(ERROR-880)</subfield></datafield></record>